@book{BOOK01,
    author          = {Autor Um, Autor Dois},
    title           = {Titulo do livro},
    year            = {2012},
    isbn            = {123456789},
    edition         = {1st},
    publisher       = {Publica√ßoes, lda},
    address         = {Cidade, distrito, PAIS}
}


@inproceedings{INPROC1,
    author          = {Aoki, Ryo and Oikawa, Shuichi and Nakamura, Takashi and Miki, Satoshi},
    title           = {Hybrid OpenCL: Enhancing OpenCL for Distributed Processing},
    booktitle       = {Proceedings of the 2011 IEEE Ninth International Symposium on Parallel and Distributed Processing with Applications},
    series          = {ISPA '11},
    year            = {2011},
    isbn            = {978-0-7695-4428-1},
    pages           = {149--154},
    numpages        = {6},
    url             = {http://dx.doi.org/10.1109/ISPA.2011.28},
    doi             = {10.1109/ISPA.2011.28},
    acmid           = {2006198},
    publisher       = {IEEE Computer Society},
    address         = {Washington, DC, USA},
    keywords        = {middleware, heterogeneous computing, GPGPU},
}


@techreport{TECH01,
    author          = {Blaise Barney, Lawrence Livermore National Laboratory},
    title           = {POSIX Threads Programming},
    howpublished    = {\url{https://computing.llnl.gov/tutorials/pthreads/}},
    month           = {August},
    year            = {2012}
}


@online{FORD11,
	author = {Ford, Rebecca},
	title  = {Earthquake: Twitter Users Learned of Tremors Seconds Before Feeling Them},
	date   = {2011-08},
	url    = {http://www.hollywoodreporter.com/news/earthquake-twitter-users-learned-tremors-226481}
}

